<?xml version="1.0" encoding="UTF-8"?><collection xmlns="http://www.loc.gov/MARC21/slim"><record><leader>00476nam--2200169-i-4500</leader><controlfield tag="001">000030234</controlfield><controlfield tag="002">20161230</controlfield><controlfield tag="005">20170128194454</controlfield><controlfield tag="008">060222s1000------------r-----000-0-eng-d</controlfield><datafield ind1=" " ind2=" " tag="080"><subfield code="a">513.882</subfield></datafield><datafield ind1=" " ind2=" " tag="100"><subfield code="a">Magenes, E</subfield></datafield><datafield ind1=" " ind2=" " tag="245"><subfield code="a">Non-homogeneneous boundary value problems and applications. Translated from the french by P. Kenneth</subfield></datafield><datafield ind1=" " ind2=" " tag="260"><subfield code="a">Berlin</subfield><subfield code="b">Springer-Verlag</subfield><subfield code="c">1972</subfield></datafield><datafield ind1=" " ind2=" " tag="300"><subfield code="a">XV+355 p</subfield></datafield><datafield ind1=" " ind2=" " tag="700"><subfield code="a">Lions, J. L</subfield></datafield><datafield ind1=" " ind2=" " tag="852"><subfield code="a">39809</subfield></datafield><datafield ind1=" " ind2=" " tag="CAT"><subfield code="a">SYS</subfield><subfield code="c">20170128</subfield><subfield code="h">194454</subfield></datafield></record></collection>